% book
% Required fields: author or editor, title, publisher, year. 
% Optional fields: volume or number, series, address, edition, month, note.
@book{coulouris,
  author = {Coulouris  G.  F.,  Dollimore J. e  Kindberg T},
  title = {Distributed Systems: concepts and Design},
  publisher = {Addison-Wesley},
  year = {1994},
  edition = "second edition"
}

% article
% Required fields: author, title, journal, year. 
% Optional fields: volume, number, pages, month, note.
@article{donoho,
  author = {Donoho D. L.},
  title = {Compressed Sensing},
  journal = {IEEE Trans. Inf. Theory},
  volume = {52},
  number = {4},
  pages = {1289-1306},
  year = {2006}
}

% conference
% same as inproceedings
% Required fields: author, title, booktitle, year. 
% Optional fields: editor, volume or number, series, pages, address, month, organization, publisher, note
@conference{dalal,
  author = {Dalal N., Triggs B.},
  title = {Histograms of Oriented Gradients for Human Detection},
  booktitle = {Computer Vision and Pattern Recognition (CVPR)},
  address = {San Diego, USA},
  year = {2005},
  month = {20-26 June},
  pages = {886-893}
}

% website
% as misc
% Required fields: key. 
% Optional fields: author, title, howpublished, month, year, note.
@misc{ictbusiness,
  key = "ictbusiness",
  title = {ICT business},
  howpublished = {\url{http://www.ictbusiness.it/}},
  note = {accessed 15/06/2015}
}



@misc{cia-triad,
  key = "cia-triad",
  title = {What is the CIA Triad?},
  howpublished = {\url{https://www.fortinet.com/resources/cyberglossary/cia-triad}},
  note = {accessed 23/09/2024}
}

@misc{st-slides,
  key = "st-slides",
  title = {Security Testing course slides},
  author = {Alessandro Marchetto},
  year = {A.Y. 2023/24},
}

@misc{cvss-metrics,
  key = "cvss-metrics",
  title = {NVD - Vulnerability Metrics},
  howpublished = {\url{https://nvd.nist.gov/vuln-metrics/cvss}},
  note = {accessed 23/09/2024}
}

@misc{paloalto-it-ot-diff,
  key = "paloalto-it-ot-diff",
  title = {What Is the Difference Between IT and OT?},
  howpublished = {\url{https://www.paloaltonetworks.com/cyberpedia/it-vs-ot}},
  note = {accessed 23/09/2024}
}

@misc{it-vs-ot-cybersecurity,
  key = "it-vs-ot-cybersecurity",
  title = {OT Security vs. IT Security: Comparative Analysis},
  howpublished = {\url{https://www.fortinet.com/resources/cyberglossary/it-vs-ot-cybersecurity}},
  note = {accessed 23/09/2024}
}

